@INPROCEEDINGS{gribble01what,
  AUTHOR =       "S. Gribble and A. Y. Halevy and Z. G. Ives and M. Rodrig and D. Suciu ",
  TITLE =        "{What can databases do for peer-to-peer}",
  BOOKTITLE =    "{Proceedings of the 4th International WorkShop on the Web and Databases}",
  YEAR =         "2001",
  address =      "Santa Barbara, CA, USA",
  month =        "May"
}

@article{nejdl03design,
 author = {Wolfgang Nejdl and Wolf Siberski and Michael Sintek},
 title = "{Design issues and challenges for RDF- and schema-based peer-to-peer systems}",
 journal = {SIGMOD Record},
 volume = {32},
 number = {3},
 year = {2003},
 issn = {0163-5808},
 pages = {41--46},
 doi = {http://doi.acm.org/10.1145/945721.945731},
 publisher = {ACM Press},
 }

@INPROCEEDINGS{edutella,
  AUTHOR =       "W. Nejdl and B. Wolf and C. Qu and S. Decker and M. Sintek and
  A. Naeve and M. Nilsson and M. Palmer and T. Risch",
  TITLE =        "{EDUTELLA: a P2P Networking Infrastructure Based on RDF}",
  BOOKTITLE =    "{WWW}",
  YEAR =         "2002",
}

@INPROCEEDINGS{bernstein02data,
  AUTHOR =       "Philip A. Bernstein and Fausto Giunchiglia and Anastasios Kementsietsidis and John Mylopoulos and Luciano Serafini and Ilya Zaihrayeu",
  TITLE =        "{Data Management for Peer-to-Peer Computing: A Vision}",
  BOOKTITLE =    "Proceedings of the 5th International Workshop on the Web and Databases",
  YEAR =         "2002",
  address =      "Madison, Wiscosin",
  month =        "June"
}

@INPROCEEDINGS{aberer02semantic,
  AUTHOR =       "K. Aberer and Ma Hauswirth",
  TITLE =        "{Semantic Gossiping}",
  BOOKTITLE =    "Proceedings of Database and Information Systems Research for Semantic Web and Enterprises, Invitational Workshop",
  YEAR =         "2002",
  address =      "Georgia",
  month =        "April"
}

@INPROCEEDINGS{loser03towards,
  AUTHOR =       "Alexander Loser",
  TITLE =        "{Towards Taxonomy-based Routing in P2P Netwoks}",
  BOOKTITLE =    "Proceedings of  2nd Workshop on Semantics in Peer-to-Peer and Grid Computing in 13th International WWW Conference",
  YEAR =         "2004",
  address =      "New York",
  month =        "May"
}

@ARTICLE{hyperion,
  AUTHOR =       "Marcelo Arenas and Vasiliki Kantere and Anastasios Kementsidis and Iluju Kiringa and
  Renee J. Miller and John Mylopoulos",
  TITLE =        "{The Hyperion Project: From Data Integration to Data Coordination}",
  JOURNAL =      "SIGMOD Record, Special Issue on Peer-to-Peer Data Management",
  YEAR =         "2003",
  volume =       "32",
  number =       "3",
  pages =        "53-58"
}

@INPROCEEDINGS{tang04hybrid,
  AUTHOR =       "C. Tang and S. Dwarkadas and Z. Xu",
  TITLE =        "{Hybrid Global-Local Indexing for Efficient Peer-to-Peer Information Retrieval}",
  BOOKTITLE =    "Proceedings of the 1st NSDI Symposium",
  YEAR =         "2004",
  address =      "San Francisco, CA",
  month =        "March"
}

@INPROCEEDINGS{tang03info,
  AUTHOR =       "C. Tang and Z. Xu and S. Dwarkadas",
  TITLE =        "{Peer-to-Peer Information Retrieval Using Self-Organizing Semantic Overlay Networks}",
  BOOKTITLE =    "{SIGCOMM}",
  YEAR =         "2003",
}

@ARTICLE{Chord,
  AUTHOR =       "I. Stoica and R. Morris and D. Liben-Nowell and D. R. Karger and M. Frans Kaashoek and F. Dabek and H. Balakrishnan",
  TITLE =        "{Chord: A Scalable Peer-to-Peer Lookup Protocol for Internet Applications}",
  JOURNAL =      "IEEE/ACM Transactions on Networking",
  YEAR =         "2003",
  volume =       "11",
  number =       "1"
}

@INPROCEEDINGS{galanis03locating,
  AUTHOR =       "Leonidas Galanis and Yuan Wang and Shawn R. Jeffrey and David J. DeWitt",
  TITLE =        "{Locating Data Sources in Large Distributed Systems}",
  BOOKTITLE =    "Proceedings of the 29th VLDB Conference",
  YEAR =         "2003",
  address =      "Berlin, Germany"
}

@INPROCEEDINGS{dong04similarity,
  AUTHOR =       "Xin Dong and Alon Halevy and Jayant Madhavan and Ema Nemes and Jun Zhang",
  TITLE =        "{Similarity Search for Web Services}",
  BOOKTITLE =    "Proceedings of the 30th VLDB Conference",
  YEAR =         "2004",
  address =      "Toronto, Canada"
}

@ARTICLE{piazza,
  AUTHOR =       "Igor Tatarinov and Zachary Ives and Jayant Madhavan and Alon Halevy and Dan Suciu and Nilesh Dalvi and Xin Dong and Yana Kadiyska and Gerome Miklau and Peter Mork",
  TITLE =        "{The Piazza Peer Data Management Project}",
  JOURNAL =      "SIGMOD Record",
  YEAR =         "2003",
  volume =       "32",
  number =       "3"
}

@ARTICLE{prete03industry,
  AUTHOR =       "C. D. Prete and J. T. McArthur and R. L. Villars and I. L. Nathan Redmond and D. Reinsel",
  TITLE =        "{Industry Developments and Models, Disruptive Innovation in Enterprise Computing: Storage}",
  JOURNAL =      "IDC",
  YEAR =         "2003",
  month =        "February"
}

@INPROCEEDINGS{lv02search,
  AUTHOR =       "Qin Lv and Pei Cao and Edith Cohen",
  TITLE =        "{Search and Replications in Unstructured Peer-to-Peer Networks}",
  BOOKTITLE =    "Proceedings of the 16th ACM Annual International Conference on Supercomputing (ICS)",
  YEAR =         "2002",
  pages =        "84-95",
  address =      "New York",
  month =        "June"
}

@INPROCEEDINGS{crespo02routing,
  AUTHOR =       "A. Crespo and H. Garcia-Molina",
  TITLE =        "{Routing Indices for Peer-to-Peer Systems}",
  BOOKTITLE =    "ICDCS",
  YEAR =         "2002"
}

@TECHREPORT{crespo03semantic,
  AUTHOR =       "A. Crespo and H. Garcia-Molina",
  TITLE =        {Semantic Overlay Networks for P2P Systems},
  INSTITUTION =  "Stanford University",
  YEAR =         "2003",
  type =         "{Technical Report}",
  month =        "May"
}

@INPROCEEDINGS{idreos04p2p,
  AUTHOR =       "S. Idreos and M. Koubarakis and C. Tryfonopoulos",
  TITLE =        "{P2P-DIET: An Extensible P2P Service that Unifies Ad-hoc and Continuous Querying in Super-Peer Networks}",
  BOOKTITLE =    "Proceedings of the ACM SIGMOD Conference",
  YEAR =         "2004",
  address =      "Paris, France",
  month =        "13-18 June",
  note =         "Demo paper"
}

@TECHREPORT{zhu04ESS,
  AUTHOR =       "Yingwu Zhu and Yiming Hu",
  TITLE =        "{ESS: Efficient Semantic Search on Gnutella-like P2P Systems}",
  INSTITUTION =  "Department of ECECS, University of Cincinnati",
  YEAR =         "2004",
  type =         "Technical report",
  month =        "March"
}

@INPROCEEDINGS{bawa03SETS,
  AUTHOR =       "M. Bawa and G. Manku and P. Raghavan",
  TITLE =        "{SETS: Search Enhanced by Topic Segmentation}",
  BOOKTITLE =    "Proceedings of the 26th Annual International ACM SIGIR Conference",
  YEAR =         "2003",
  pages =        "306-313",
  address =      "Toronto, Canada",
  month =        "July"
}

@INPROCEEDINGS{cohen03associative,
  AUTHOR =       "E. Cohen and H. Kaplan and A. Fiat",
  TITLE =        "{Associative Search in Peer to Peer Networks: Harnessing Latent Semantics}",
  BOOKTITLE =    "Proceedings of IEEE INFOCOM",
  YEAR =         "2003",
  volume =       "2",
  pages =        "1261-1271",
  address =      "San Francisco, CA",
  month =        "April"
}

@INPROCEEDINGS{spripanidkulchai03efficient,
  AUTHOR =       "K. Spripanidkulchai and B. Maggs and H. Zhang",
  TITLE =        "{Efficient Content Location using Interest-Based Locality in Peer-to-Peer Systems}",
  BOOKTITLE =    "{INFOCOM}",
  YEAR =         "2003",
}

@INBOOK{zhu04semantic,
  AUTHOR =       "Yingwu Zhu and Yiming Hu",
  editor =       "J. Wu",
  TITLE =        "{Handbook of Theoretical and Algorithmic Aspects of Ad Hoc, Sensor, and Peer-to-Peer Networks}",
  CHAPTER =      "{Semantic Search in Peer-to-Peer Systems}",
  pages =        "1-35",
  PUBLISHER =    "CRC Press",
  YEAR =         "2004"
}

@ARTICLE{berry99matrices,
  AUTHOR =       "Michael W. Berry and Zlatko Drmac and Elizabeth R. Jessup",
  TITLE =        "{Matrices, Vector Spaces and Information Retrieval}",
  JOURNAL =      "SIAM Review",
  YEAR =         "1999",
  volume =       "41",
  number =       "2",
  pages =        "335-362"
}

@INPROCEEDINGS{halevy03piazza,
  AUTHOR =       "Alon Y. Halevy and Zachary G. Ives and Peter Mork and Igor Tatarinov",
  TITLE =        "{Piazza: Data Management Infrastructure for Semantic Web Applications}",
  BOOKTITLE =    "Proceedings of the 12th International World Wide Web Conference (WWW'03)",
  YEAR =         "2003",
  address =      "Budapest, Hungary",
  month =        "20-24 May",
  publisher =    "ACM"
}

@INPROCEEDINGS{kementsietsidis04data,
  AUTHOR =       "Anastasios Kementsietsidis and Marcelo Arenas",
  TITLE =        "{Data Sharing Through Query Translation in Autonomous Sources}",
  BOOKTITLE =    "Proceedings of the 30th VLDB Conference",
  YEAR =         "2004",
  address =      "Toronto, Canada"
}

@INPROCEEDINGS{zhu03integrating,
  AUTHOR =       "Yingwu Zhu and Honghao Wang and Yiming Hu",
  TITLE =        "{Integrating Semantic-Based Access Mechanisms with P2P File Systems}",
  BOOKTITLE =    "Proceedings of the 3rd International Conference on Peer-to-Peer Computing",
  YEAR =         "2003",
  month =        "September"
}

@INPROCEEDINGS{aberer03chatty,
  AUTHOR =       "K. Aberer and P. Cudre-Mauroux and M. Hauswirth",
  TITLE =        "{The Chatty Web: Emergent Semanics Through Gossiping}",
  BOOKTITLE =    "WWW",
  YEAR =         "2003",
}

@INPROCEEDINGS{charikar02similarity,
  AUTHOR =       "M. S. Charikar",
  TITLE =        "{Similarity Estimation Techniques from Rounding Algorithms}",
  BOOKTITLE =    "Proceedings of the 34th ACM Symposium on Theory of Computing",
  YEAR =         "2002",
  pages =        "380-388"
}

@INPROCEEDINGS{indyk98approximate,
  AUTHOR =       "P. Indyk and R. Motwani",
  TITLE =        "{Approximate Nearest Neighbors: Towards Removing the Curse of Dimentionality}",
  BOOKTITLE =    "Proceedings of the 13th Annual ACM Symposium on Theory of Computing",
  YEAR =         "1998",
  pages =        "604-613"
}

@INPROCEEDINGS{singh04hybrid,
  AUTHOR =       "Aameek Singh and Ling Liu",
  TITLE =        "{A Hybrid Topology Architecture for P2P Systems}",
  BOOKTITLE =    "Proceedings of the 13th International Conference on Computer Communications and Networks",
  YEAR =         "2004",
  address =      "Chicago, USA",
  month =        "11-13 October"
}

@INPROCEEDINGS{CAN,
  AUTHOR =       "S. Ratnasamy and P. Francis and M. Handley and R. Karp and S. Shenker",
  TITLE =        "{A Scalable Content-Addressable Network}",
  BOOKTITLE =    "ACM SIGCOMM",
  YEAR =         "2001"
}

@INPROCEEDINGS{Pastry,
  AUTHOR =       "A. Rowstron and P. Druschel",
  TITLE =        "{Pastry: Scalable, Distributed Object Location and Routing for Large-Scale Peer-to-Peer Systems}",
  BOOKTITLE =    "Proceedings of IFIP/ACM International Middleware Conference",
  YEAR =         "2001",
  pages =        "329-350",
  address =      "Heidelberg, Germany",
  month =        "November"
}

@ARTICLE{Tapestry,
  AUTHOR =       "B. Y. Zhao and L. Huang and J. Stribling and S. C. Rhea and A. D. Joseph and J. Kubiatowicz",
  TITLE =        "{Tapestry: A Resilient Global-Scale Overlay for Service Deployment}",
  JOURNAL =      "IEEE Journal on Selected Areas in Communications",
  YEAR =         "2004",
  volume =       "22",
  number =       "1",
  month =        "January"
}

@ARTICLE{P-Grid,
  AUTHOR =       " Karl Aberer and Philippe Cudre\'-Mauroux and Anwitaman Datta and Zoran Despotovic and Manfred Hauswirth and Magdalena Punceva and Roman Schmidt",
  TITLE =        "{P-Grid: A Self-organizing Structured P2P System}",
  JOURNAL =      "SIGMOD Record",
  YEAR =         "2003",
  volume =       "32",
  number =       "2",
  month =        "September"
}

@ARTICLE{salton83boolean,
  AUTHOR =       "Gerard Salton and Edward A. Fox and Harry Wu",
  TITLE =        "{Extended Boolean Information Retrieval}",
  JOURNAL =      "Communications of the ACM",
  YEAR =         "1983",
  volume =       "26",
  number =       "11",
  pages =        "1022-1036",
  month =        "November"
}

@ARTICLE{salton75vector,
  AUTHOR =       "G. Salton and A. Wong and C.S. Yang",
  TITLE =        "{A Vector Space Model for Information Retrieval}",
  JOURNAL =      "CACM",
  YEAR =         "1975",
}

@inproceedings{steinbach00comparison,
  author = "M. Steinbach and G. Karypis and V. Kumar",
  title = "{A Comparison of Document Clustering Techniques}",
  booktitle="{KDD Workshop on Text Mining}",
   year = "2000"
  }

@article{jones00probabilistic,
    author = "Karen S. Jones and Steve Walker and Stephen E. Robertson",
    title = "{A Probabilistic Model of Information Retrieval: Development and Comparative Experiments}",
    journal = "{Information Processing and Management}",
    year = "2000",
}

@INPROCEEDINGS{loser05ranking,
  AUTHOR =       "A. Loser and C. Tempich",
  TITLE =        "{On Ranking Peers in Semantic Overlay Networks}",
  BOOKTITLE =    "{WM}",
  YEAR =         "2005",
}

@inproceedings{KKTR02information,
  author    = {Manolis Koubarakis and Theodoros Koutris and Christos Tryfonopoulos and Paraskevi Raftopoulou},
  title     = "{Information Alert in Distributed Digital Libraries: The Models,
        Languages and Architecture of DIAS}",
  booktitle = "{Proceedings of 6th European Conference on Digital Libraries}",
  place     = "{Pisa, Italy}",
  month     = {September},
  year      = {2002},
  series    = "{Lecture Notes in Computer Science}",
  volume    = {2458},
  pages     = {527-542}
}

@article{brown01context,
 author = "P. J. Brown and G. J. F. Jones",
 title = "{Context-aware Retrieval: Exploring a New Environment for Information Retrieval and Information Filtering}",
 journal = {Personal Ubiquitous Comput.},
 volume = {5},
 number = {4},
 year = {2001},
 pages = {253--263},
 publisher = {Springer-Verlag}
 }

@INPROCEEDINGS{yang02Octopus,
  AUTHOR =       "Jun Yang and Qing Li and Yueting Zhuang",
  TITLE =        "{Octopus: Aggressive Search of Multi-Modality Data Using Multifaceted Knowledge Base}",
  BOOKTITLE =    "Proceedings of 11th International Conference on World Wide Web",
  YEAR =         "2002",
  pages =        "54-64",
  address =      "Hononulu, Hawaii, USA",
  month =        "7-11 May",
  publisher =    "ACM"
}

@INPROCEEDINGS{ding04vision,
  AUTHOR =       "Hao Ding and Ingegorg T. Solvberg and Yun Lin",
  TITLE =        "{A Vision on Semantic Retrieval in P2P Network}",
  BOOKTITLE =    "Proceedings of 18th International Conference on Advanced Information Networking and Application",
  YEAR =         "2004",
}

@ARTICLE{lawrence99net,
  AUTHOR =       "Steve Lawrence",
  TITLE =        "{NET NEWS: Search Engines Fall Short}",
  JOURNAL =      "Science",
  YEAR =         "1999",
  volume =       "16",
  month =        "July"
}

@INPROCEEDINGS{raghavan97survey,
  AUTHOR =       "P. Raghavan",
  TITLE =        "{Information Retrieval Algorithms: A survey}",
  BOOKTITLE =    "Proceedings of 8th SIAM Symposium on discrete Algorithms",
  YEAR =         "1997",
  month =        "January"
}

@ARTICLE{berry99matrices,
  AUTHOR =       "M. Berry and Z. Drmac and E. Jessup",
  TITLE =        "{Matrices, Vector Spaces, and Information Retrieval}",
  JOURNAL =      "SIAM Review",
  YEAR =         "1999",
  volume =       "41",
  number =       "2",
  pages =        "335-362"
}

@INPROCEEDINGS{chu00scenario,
  AUTHOR =       "Wesley W. Chu and David Johnson and Qinghua Zhu and Hooshang Kangarloo",
  TITLE =        "{Scenario-Based Information Retrieval in a Medical Digital Library}",
  BOOKTITLE =    "Proceedings of IEEE Kyoto International Conference on Digital Libraries: Research and Practice",
  YEAR =         "2000"
}

@INPROCEEDINGS{abidi04knowledge,
  AUTHOR =       "Syed Sibte Raza Abidi and Xiaolin Pang",
  TITLE =        "{Knowledge Sharing Over P2P Knowledge Networks: A Peer Ontology And Semantic Overlay Driven Approach}",
  BOOKTITLE =    "Proceedings of International Conference on Knowledge Management",
  YEAR =         "2004",
  address =      "Singapore",
  month =        "13-15 December"
}

@INPROCEEDINGS{zhang03summarizing,
  AUTHOR =       "Y. Zhang and N. Zincir-Heywood and E. Milios",
  TITLE =        "{Summarizing Web Sites Automatically}",
  BOOKTITLE =    "Proceedings of 16th Canadian Conference on Artificial Intelligence",
  YEAR =         "2003",
  pages =        "283-296",
  address =      "Halifax, Canada",
  month =        "11-13 June"
}

@INPROCEEDINGS{ng02advanced,
  AUTHOR =       "C. H. Ng and K. C. Sia and C. H. Chang",
  TITLE =        "{Advanced Peer Clustering and Firework Query Model in the Peer-to-Peer Network}",
  BOOKTITLE =    "{WWW}",
  YEAR =         "2002",
}

@INPROCEEDINGS{li04semantic,
  AUTHOR =       "M. Li and W.-C. Lee and A. Sivasubramaniam",
  TITLE =        "{Semantic Small World: An Overlay Network for Peer-to-Peer Search}",
  BOOKTITLE =    "{ICNP}",
  YEAR =         "2004"
}

@INPROCEEDINGS{milios03automatic,
  AUTHOR =       "E. Milios and Y. Zhang and B. He and L. Dong",
  TITLE =        "{Automatic Term Extraction and Document Similarity in Special Text Corpora}",
  BOOKTITLE =    "Proceedings of 6th Conference of the Pacific Association for Computational Linguistics",
  YEAR =         "2003",
  pages =        "275-284",
  address =      "Halifax, Nova Scotia, Canada",
  month =        "22-25 August"
}

@ARTICLE{zahn71graph,
  AUTHOR =       "C. T. Zahn",
  TITLE =        "{Graph-Theoretic Methods for Detecting and Descibing Gestalt Clusters}",
  JOURNAL =      "IEEE Transactions on Computers",
  YEAR =         "1971",
  volume =       "20",
  number =       "1",
  pages =        "68-86",
  month =        "January"
}

@INPROCEEDINGS{molina02efficient,
  AUTHOR =       "H. Garcia-Molina and B. Yang",
  TITLE =        "{Efficient Search in Peer-to-Peer Networks}",
  BOOKTITLE =    "{ICDCS}",
  YEAR =         "2002",
}

@book{VSM,
    author="G. Salton",
    title="{Automatic Text Processing: The Transformation Analysis and Retrieval of Information by Computer}",
    publisher="Addison-Wesley",
    year="1989"
}

@book{Faloutsos,
    author="Christos Faloutsos",
    title="{Searching Multimedia Databases by Content}",
    publisher="Kluwer Academic Publishers",
    year="1996"
}

@ARTICLE{Porter80,
 AUTHOR         = {M. F. Porter},
 TITLE          = {An algorithm for suffix stripping},
 JOURNAL        = {Program},
 YEAR           = {1980},
 VOLUME         = {14},
 NUMBER         = {3},
 PAGES          = {130--137},
 }

@techreport{Seo04,
    author = "Y.-Woo Seo and Katia Sycara",
    title="{Text Clustering for Topic Detection}",
    institution = "Robotics Institute, Carnegie Mellon University",
    number="CMU-RI-TR-04-03",
    month="January",
    year = "2004"
}

@ARTICLE{neches91enabling,
  AUTHOR =       "Robert Neches and Richard Fikes and Tim Finin and Thomas Gruber and Ramesh Patil and Ted Senator and William R. Swartout",
  TITLE =        "{Enabling Technology for Knowledge Sharing}",
  JOURNAL =      " AI Magazine",
  YEAR =         "1991",
  volume =       "12",
  number =       "3",
  month =        "Fall"
}

@ARTICLE{wellman01computer,
  AUTHOR =       "Barry Wellman",
  TITLE =        "{Computer Networks as Social Networks}",
  JOURNAL =      "Science",
  YEAR =         "2001",
  volume =       "293",
  pages =        "2031-2034",
  month =        "September"
}

@TECHREPORT{p2p-survey,
  AUTHOR =       "D. S. Milojicic and V. Kalogeraki and R. Lukose and K. Nagaraja and J. Pruyne and B. Richard and S. Rollins and Z. Xu,",
  TITLE =        "{Peer-to-Peer Computing}",
  INSTITUTION =  "HP Laboratories",
  YEAR =         "2002",
  type =         "Technical Report",
  number =       "HPL-2002-57",
  address =      "Palo Alto",
  month =        "March"
}

@INPROCEEDINGS{nejdl04topk,
  AUTHOR =       "Wolfgang Nejdl and Wolf Siberski and Uwe Thaden and Wolf-Tilo Balke",
  TITLE =        {Top-k Query Evaluation for Schema-Based Peer-to-Peer Networks},
  BOOKTITLE =    "Proceedings of International Semantic Web Conference",
  YEAR =         "2004",
  address =      "Hiroshima, Japan",
  month =        "November"
}

@INPROCEEDINGS{balke05progressive,
  AUTHOR =       "W.-T. Balke and W. Nejdl and W. Siberski and U. Thaden",
  TITLE =        {Progressive Distributed Top-k Retrieval in Peer-to-Peer Networks},
  BOOKTITLE =    "Proceedings of 21st International ICDE Conference",
  YEAR =         "2005",
  address =      "Tokyo, Japan"
}

@INPROCEEDINGS{loser03semantic,
  AUTHOR =       "A. Loser and M. Wolpers and W. Siberski and W. Nejdl",
  TITLE =        "{Semantic Overlay Clusters within Super-Peer Networks}",
  BOOKTITLE =    "{DBISP2P}",
  YEAR =         "2003",
}

@INPROCEEDINGS{idreos04p2pdiet,
  AUTHOR =       "Stratos Idreos and Manolis Koubarakis",
  TITLE =        "{P2P-DIET: Ad-hoc and Continuous Queries in Peer-to-Peer Networks using Mobile Agents}",
  BOOKTITLE =    "Proceedings of 3rd Hellenic Conference in Artificial Intelligence",
  YEAR =         "2004",
  volume =       "3025",
  series =       "LNAI",
  pages =        "23-32",
  address =      "Samos, Greece",
  month =        "5-8 May"
}

@INPROCEEDINGS{schlosser02hypercup,
  AUTHOR =       "S. Decker and M. Schlosser and M. Sintek and W. Nejdl",
  TITLE =        "{HyperCuP \mbox{-} Hypercubes, ontologies and efficient search on P2P networks}",
  BOOKTITLE =    "Proceedings of International AP2PC Workshop",
  YEAR =         "2002",
  address =      "Bologna, Italy"
}

@INPROCEEDINGS{tsikrika01merging,
  AUTHOR =       "Theodora Tsikrika and Mounia Lalmas",
  TITLE =        "{Merging Techniques for Performing Data Fusion on the Web}",
  BOOKTITLE =    "Proceedings of 10th Conference on Information and Knowledge Management",
  YEAR =         "2001",
  pages =        "127-134",
  address =      "Atlanta, Georgia, USA",
  month =        "5-10 November",
  publisher =    "ACM"
}

@INPROCEEDINGS{schmitz04self,
  AUTHOR =       "C. Schmitz",
  TITLE =        "{Self-Organization of a Small World by Topic}",
  BOOKTITLE =    "{P2PKM}",
  YEAR =         "2004",
}

@inproceedings{schmitz05towards,
title = {Towards Self-Organizing Communities in Peer-to-Peer Knowledge Management},
address = {Heraklion, Greece},
author = {Christoph Schmitz},
booktitle = {Procceedings of ESWC 2005 Workshop on Ontologies in Peer-to-Peer Communities},
month = {May},
year = {2005}
}

@inproceedings{schmitz05towards-b,
title = {Towards Content Aggregation on Knowledge Bases through Graph Clustering},
address = {Worlitz},
author = {Christoph Schmitz},
booktitle = {Proceedings of 17th GI-Workshop ``Grundlagen von Datenbanken''},
editor = {Stefan Brass and Christian Goldberg},
month = {May},
year = {2005}
}

@BOOK{watts99small,
  AUTHOR =       "D. J. Watts",
  TITLE =        "Small Worlds - The Dynamics of Networks between Order and Randomneess",
  PUBLISHER =    "Princeton University Press",
  YEAR =         "1999",
  address =      "Princeton, New Jersey"
}

@ARTICLE{rkst05fair,
  AUTHOR =       "Paraskevi Raftopoulou and Manolis Koubarakis and Kostas Stergiou and Peter Triantafillou",
  TITLE =        "{Fair Resource Allocation in a Simple Multi-Agent Setting: Search Algorithms and Experimental Evaluation}",
  JOURNAL =      "{International Journal on Artificial Intelligence Tools (IJAIT)}",
  YEAR =         "2005",
  volume =       "14",
  number =       "6",
  pages =        "887-899",
  month =        "December"
}

@ARTICLE{watts98collective,
  AUTHOR =       {D. J. Watts and S. H. Strogatz},
  TITLE =        "{Collective dynamics of `small-world' networks}",
  JOURNAL =      {Nature},
  YEAR =         {1998},
  volume =       {393},
  pages =        {440-442},
  month =        {4 June}
}

@BOOK{baeza00modern,
  AUTHOR =       "R.A. Baeza-Yates and B. Ribeiro-Neto",
  TITLE =        "{Modern Information Retrieval}",
  PUBLISHER =    "Addison Wesley",
  YEAR =         "1999"
}

@ARTICLE{norris03knowledge,
  AUTHOR =       {D. M. Norris and J. Mason and R. Robson and P. Lefrere and G. Collier},
  TITLE =        "{A Revolution in Knowledge Sharing}",
  JOURNAL =      {Educause Review},
  YEAR =         {2003},
  pages =        {14-26},
  month =        {September/October}
}

@INPROCEEDINGS{bender07comparative,
AUTHOR = {M. Bender and S. Michel and S. Parkitny and G. Weikum},
EDITOR = {S. Bergamaschi and S. Joseph and J.-H. Morin and G. Moro},
TITLE = {A Comparative Study of Pub/Sub Methods in Structured {P2P} Networks},
BOOKTITLE = {Proceedinds of 4th International DBISP2P Workshop},
PUBLISHER = {Springer},
YEAR = {2007},
ADDRESS = {Seoul, South Korea},
}

@INPROCEEDINGS{angelova06graph,
AUTHOR = {R. Angelova and G. Weikum},
EDITOR = {E. N. Efthimiadis and S. T. Dumais and D. Hawking and K. Jaervelin},
TITLE = {Graph-based Text Classification: Learn from Your Neighbors},
BOOKTITLE = {Procceedings of the 29th International ACM SIGIR RDIR Conference},
PUBLISHER = {ACM},
YEAR = {2006},
PAGES = {485-492},
ADDRESS = {Seattle, Washington}
}

@INPROCEEDINGS{parreira06efficient,
AUTHOR = {J. X. Parreira and D. Donato and S. Michel and G. Weikum},
EDITOR = {U. Dayal and K.-Y. Whang and D. B. Lomet and G. Alonso and G. M. Lohman and M. L. Kersten and S. K. Cha and Y.-K. Kim},
TITLE = {Efficient and Decentralized PageRank Approximation in a Peer-to-Peer Web Search Network},
BOOKTITLE = {Proceedings of the 32nd International VLDB Conference},
PUBLISHER = {ACM},
YEAR = {2006},
PAGES = {415--426},
ADDRESS = {Seoul, Korea},
ISBN = {1-59593-385-9},
}

@INPROCEEDINGS{linari06efficient,
AUTHOR = {A. Linari and G. Weikum},
TITLE = "{Efficient Peer-to-Peer Semantic Overlay Networks based on Statistical Language Models}",
BOOKTITLE = {P2PIR},
YEAR = {2006}
}

@INPROCEEDINGS{linari07metric,
  AUTHOR =       "A. Linari and M. Patella",
  TITLE =        "{Metric Overlay Networks: Processing Similarity Queries in P2P Databases}",
  BOOKTITLE =    "{DBISP2P}",
  YEAR =         "2007"
}

@INPROCEEDINGS{bender06p2p,
AUTHOR = {M. Bender and S. Michel and P. Triantafillou and G. Weikum and C. Zimmer},
TITLE = {{P2P} Content Search: Give the Web Back to the People},
BOOKTITLE = {Procceedings of 5th Intern. IPTPS Workshop},
YEAR = {2006},
ADDRESS = {Santa Barbara, US}
}

@INPROCEEDINGS{michel05minerva,
AUTHOR = {S. Michel and P. Triantafillou and G. Weikum},
EDITOR = {G. Alonso},
TITLE = {MINERVA$\infty$: A Scalable Efficient Peer-to-Peer Search Engine},
BOOKTITLE = {Procceedings of ACM, IFIP, USENIX 6th Intern. Middleware Conference},
PUBLISHER = {Springer},
YEAR = {2005},
VOLUME = {3790},
PAGES = {60--81},
SERIES = {Lecture Notes in Computer Science},
ADDRESS = {Grenoble, France}
}

@INPROCEEDINGS{theobald05efficient,
AUTHOR = {M. Theobald and R. Schenkel and G. Weikum},
EDITOR = {R. Baeza-Yates and N. Ziviani and G. Marchionini and A. Moffat and J. Tait},
TITLE = {Efficient and Self-Tuning Incremental Query Expansion for Top-k Query Processing},
BOOKTITLE = {Procceedings of 28th Intern. ACM SIGIR Conference},
PUBLISHER = {ACM},
YEAR = {2005},
PAGES = {242-249},
ADDRESS = {Salvador, Brazil},
ISBN = {1-59593-034-5}
}

@ARTICLE{davidsen02emergence,
  AUTHOR =       {J. Davidsen and H. Ebel and S. Bornholdt},
  TITLE =        {Emergence of a Small World from Local Interactions: Modeling Acquaintance Networks},
  JOURNAL =      {Physical Review Letters},
  YEAR =         {2002},
  volume =       {88},
  number =       {12},
  month =        {March}
}

@INBOOK{manber99forward,
  AUTHOR =       {U. Manber},
  editor =       {R.A. Baeza-Yates and B. Ribeiro-Neto},
  TITLE =        {Forward},
  CHAPTER =      {Modern Information Retrieval},
  pages =        {5-8},
  PUBLISHER =    {MA, Additon-Wesley},
  YEAR =         {1999}
}

@TECHREPORT{risson04survey,
  AUTHOR =       {J. Risson and T. Moors},
  TITLE =        {Survey of Research towards Robust Peer-to-Peer Networks: Search Methods},
  INSTITUTION =  {University of New South Wales},
  YEAR =         {2004},
  type =         {Technical Report},
  number =       {UNSW-EE-P2P-1-1},
  address =      {Sydney, Australia},
  month =        {September}
}

@INPROCEEDINGS{yang01hybrid,
  AUTHOR =       {B. Yang and H. Garcia-Molina},
  TITLE =        {Comparing Hybrid Peer-to-Peer Systems (extended)},
  BOOKTITLE =    {Procceedings of 27th International VLDB Conference},
  YEAR =         {2001},
  address =      {Rome, Italy},
  month =        {11-14 September}
}

@MASTERSTHESIS{clarke99freenet,
  AUTHOR =       {I. Clarke},
  TITLE =        {A Distributed Decentralised Information Storage and Retrieval System},
  SCHOOL =       {Division of Informatics, University of Edinburgh},
  YEAR =         {1999},
  type =         {Undergraduate Thesis}
}

@ARTICLE{clarke02protecting,
  AUTHOR =       {I. Clarke and S. Miller and T. Hong and O. Sandberg and B. Wiley},
  TITLE =        {Protecting Free Expression Online with {Freenet}},
  JOURNAL =      {IEEE Internet Computing},
  YEAR =         {2002},
  volume =       {6},
  number =       {1},
  month =        {Jan/Feb}
}

@INPROCEEDINGS{cuena03planetP,
  AUTHOR =       {F. M. Cuenca-Acuna and C. Peery and R. P. Martin and T. D. Nguyen},
  TITLE =        {{PlanetP}: Using Gossiping to Build Content Addressable Peer-to-Peer Information Sharing Communities},
  BOOKTITLE =    {Proceedings of the 12th Intern. HPDC Symposium},
  YEAR =         {2003},
  month =        {June}
}

@inproceedings{michel06discovering,
 author = {S. Michel and M. Bender and N. Ntarmos and P. Triantafillou and G. Weikum and C. Zimmer},
 title = {Discovering and exploiting keyword and attribute-value co-occurrences to improve P2P routing indices},
 booktitle = {Proceedings of the 15th ACM International CIKM Conference},
 year = {2006},
 pages = {172-181},
 location = {Arlington, Virginia, USA},
 publisher = {ACM press}
 }

@inproceedings{anagnostopoulos06effective,
 author = {A. Anagnostopoulos and A. Z. Broder and K. Punera},
 title = {Effective and efficient classification on a search-engine model},
 booktitle = {Proceedings of the 15th ACM International CIKM Conference},
 year = {2006},
 pages = {208-217},
 location = {Arlington, Virginia, USA},
 publisher = {ACM Press}
 }

@inproceedings{aekaterinidis05internet,
 author = {I. Aekaterinidis and P. Triantafillou},
 title = {Internet scale string attribute publish/subscribe data networks},
 booktitle = {Proceedings of the 14th ACM International CIKM Conference},
 year = {2005},
 pages = {44-51},
 location = {Bremen, Germany},
 publisher = {ACM Press}
 }

 @inproceedings{macdonald06voting,
 author = {C. Macdonald and I. Ounis},
 title = {Voting for candidates: adapting data fusion techniques for an expert search task},
 booktitle = {Proceedings of the 15th ACM International CIKM Conference},
 year = {2006},
 pages = {387-396},
 location = {Arlington, Virginia, USA},
 publisher = {ACM Press}
 }

@inproceedings{lu03content,
 author = {J. Lu and J. Callan},
 title = "{Content-based Retrieval in Hybrid Peer-to-peer Networks}",
 booktitle = "{CIKM}",
 year = {2003},
 }

@ARTICLE{gnutella05,
  AUTHOR =       {D. Hughes and G. Coulson and J. Walkerdine},
  TITLE =        "{Free riding on Gnutella revisited: the bell tolls?}",
  JOURNAL =      {IEEE Distributed Systems Online},
  YEAR =         {2005},
  volume =       {6},
  number =       {6},
  month =        {June}
}

@article{zhu07efficient,
 author = {Y. Zhu and Y. Hu},
 title = "{Efficient semantic search on DHT overlays}",
 journal = {Journal of Parallel and Distributed Computing},
 volume = {67},
 number = {5},
 year = {2007},
 pages = {604-616},
 month = {May}
 }

@INPROCEEDINGS{bender05minerva,
  AUTHOR =       {M. Bender and S. Michel and P. Triantafillou and G. Weikum and C. Zimmer},
  TITLE =        "{MINERVA: Collaborative P2P Search}",
  BOOKTITLE =    {Proceedings of the 31st International VLDB Conference},
  YEAR =         {2005},
  address =      {Trondheim, Norway},
  month =        {30 August - 2 September}
}

@inproceedings{trifon05libraring,
  author    = {C. Tryfonopoulos and S. Idreos and M. Koubarakis},
  title     = "{LibraRing: An Architecture for Distributed Digital Libraries Based on DHTs}",
  booktitle = "{Proceedings of the 9th European ECDL Conference}",
  year      = {2005},
  pages     = {25-36},
  month     = {September},
  address   = "{Vienna, Austria}",
}

@ARTICLE{parreira07p2pDating,
  AUTHOR =       {J. X. Parreira and S. Michel and G. Weikum},
  TITLE =        "{p2pDating: Real Life Inspired Semantic Overlay Networks for Web Search}",
  JOURNAL =      "{Information Processing and Management}",
  YEAR =         {2007},
}

@article{hui06small,
 author = {K.Y.K. Hui and J.C.S. Lui and D.K.Y. Yau},
 title = "{Small-world Overlay P2P Networks: Construction, Management and Handling of Dynamic Flash Crowds}",
 journal = "{Computer Networks}",
 year = {2006},
 }

@INPROCEEDINGS{schmitz04socialisation,
  AUTHOR =       {C. Schmitz and S. Staab and C. Tempich},
  TITLE =        "{Socialisation in Peer-to-Peer Knowledge Management}",
  BOOKTITLE =    {Proceedings of the 4th International I-KNOW Conference},
  YEAR =         {2004},
  editor =       {K. Tochtermann and H. Maurer},
  pages =        {35-42},
  address =      {Graz, Austria},
  month =        {June}
}

@INPROCEEDINGS{raftopoulou08iCluster,
  AUTHOR =       "P. Raftopoulou and E.G.M. Petrakis",
  TITLE =        "{iCluster: a Self-Organising Overlay Network for P2P Information Retrieval}",
  BOOKTITLE =    "{ECIR}",
  YEAR =         "2008",
}

@INPROCEEDINGS{klampanos04architecture,
  author = "I. Klampanos and J. Jose",
  title = "{An Architecture for Information Retrieval over Semi-Collaborating Peer-to-Peer Networks}",
  BOOKTITLE =    "{ACM SAC}",
  YEAR =         "2004",
}

@INPROCEEDINGS{klampanos03architecture,
  AUTHOR =       "I. Klampanos and J. Jose",
  TITLE =        "An Architecture for Peer-to-Peer Information Retrieval",
  BOOKTITLE =    "Proceedings of the 26th Annual International ACM SIGIR Conference",
  YEAR =         "2003",
  address =      "Toronto, Canada",
  month =        "July"
}

@INPROCEEDINGS{doulkeridis06scalable,
  AUTHOR =       "C. Doulkeridis and K. Noervaag and M. Vazirgiannis",
  TITLE =        "{Scalable Semantic Overlay Generation for P2P-based Digital Libraries}",
  BOOKTITLE =    "ECDL",
  YEAR =         "2006"
}

@INPROCEEDINGS{xu99cluster,
  AUTHOR =       {J. Xu and W.B. Croft},
  TITLE =        "{Cluster-Based Language Models for Distributed Retrieval}",
  BOOKTITLE =    "ACM SIGIR",
  YEAR =         1999
}

@INPROCEEDINGS{schmitz06model,
  AUTHOR =       "C. Schmitz and A. Loser",
  TITLE =        "{How to Model Semantic Peer-to-Peer Overlays?}",
  BOOKTITLE =    "{P2PIR}",
  YEAR =         "2006",
}

@INPROCEEDINGS{sedmidubsky08adaptive,
  AUTHOR =       "J. Sedmidubsky and S. Barton and V. Dohnal and P. Zezula",
  TITLE =        "{Adaptive Approximate Similarity Searching Through Metric Social Networks}",
  BOOKTITLE =    "{ICDE}",
  YEAR =         "2008",
}

@INPROCEEDINGS{sacha06discovery,
  AUTHOR =       "J. Sacha and J. Dowling and R. Cunningham and R. Meier",
  TITLE =        "{Discovery of Stable Peers in a Self-Organising Peer-to-Peer Gradient Topology}",
  BOOKTITLE =    "{DAIS}",
  YEAR =         "2006",
}

@INPROCEEDINGS{overcite,
  AUTHOR =       "J. Stribling and I. Councill and J. Li and M. Kaashoek and D. Karger and R. Morris and S. Shenker",
  TITLE =        "{Overcite: A Cooperative Digital Research Library}",
  BOOKTITLE =    "IPTPS",
  YEAR =         "2005"
}

@INPROCEEDINGS{lu05federated,
  AUTHOR =       "J. Lu and J. Callan",
  TITLE =        "{Federated Search of Text-Based Digital Libraries in Hierarchical Peer-to-Peer Networks}",
  BOOKTITLE =    "{ECIR}",
  YEAR =         "2005",
}

@inproceedings{zimmer07minervaDL,
author    = {Christian Zimmer and Christos Tryfonopoulos and Gerhard Weikum},
title     = "{MinervaDL: An Architecture for Information Retrieval and Filtering in Distributed Digital Libraries}",
booktitle = "{Proceedings of the 11th European Conference on Research and  Advanced Technology for Digital Libraries (ECDL)}",
year      = {2007},
pages     = {25-36},
month     = {September},
address   = "{Budapest, Hungary}"
}

@INPROCEEDINGS{yan99sift,
  AUTHOR =       "T.W. Yan and H. Garcia-Molina",
  TITLE =        "{The SIFT Information Dissemination System}",
  BOOKTITLE =    "TODS",
  YEAR =         "1999"
}

@inproceedings{koloniari08recall,
  author    = {G. Koloniari and E. Pitoura},
  title     = "{Recall-based Cluster Reformulation by Selfish Peers}",
  booktitle = "{NetDB}",
  year      = {2008}
}

@INPROCEEDINGS{triantafillou03towards,
  AUTHOR =       "P. Triantafillou and C. Xiruhaki and M. Koubarakis and N. Ntarmos",
  TITLE =        "{Towards High Performance Peer-to-Peer Content and Resource Sharing Systems}",
  BOOKTITLE =    "{CIDR}",
  YEAR =         "2003"
}

@INBOOK{cluster,
  AUTHOR =       "J. Han and M. Kamber",
  TITLE =        "{Data Mining: Concepts and Techniques}",
  CHAPTER =      "{8: Cluster Analysis}",
  PUBLISHER =    "Academic Press",
  YEAR =         "2001"
}

@INPROCEEDINGS{rafopoulou08iClusrerDL,
  AUTHOR =       {P. Raftopoulou and E. Petrakis and C. Tryfonopoylos and G. Weikum},
  TITLE =        "{Information Retrieval and Filtering over Self-Organising Digital Libraries}",
  BOOKTITLE =    {ECDL},
  YEAR =         {2008}
}

@INPROCEEDINGS{raftopoulou08measure,
  AUTHOR =       {P. Raftopoulou and E. Petrakis},
  TITLE =        "{A Measure for Cluster Cohesion in Semantic Overlay Networks}",
  BOOKTITLE =    {LSDS-IR},
  YEAR =         {2008}
}

@INPROCEEDINGS{hammouda07hp2pc,
  AUTHOR =       {K.M. Hammouda and M.S. Kamel},
  TITLE =        "{HP2PC: Scalable Hierarchically-Distributed Peer-to-Peer Clustering}",
  BOOKTITLE =    {SDM},
  YEAR =         {2007}
}

@INPROCEEDINGS{deb07distributed,
  AUTHOR =       {D. Deb and R.A. Angryk},
  TITLE =        "{Distributed Document Clustering Using Word-clusters}",
  BOOKTITLE =    {CIDM},
  YEAR =         {2007}
}

@ARTICLE{leonard07lifetime,
  AUTHOR =       {D. Leonard and Z. Yao and V. Rai and D. Loguinov},
  TITLE =        "{On Lifetime-Based Node Failure and Stohastic Resilience of Decentralised Peer-to-Peer Networks}",
  JOURNAL =      "{IEEE/ACM Transactions on Networking}",
  YEAR =         {2007},
  volume =       {15},
  number =       {3}
}

@INPROCEEDINGS{gummadi03measurement,
  AUTHOR =       "K. P. Gummadi and R. J. Dunn and S. Saroiu and S. D. Gribble and H. M. Levy and J. Zahorjan",
  TITLE =        "{Measurement, Modeling, and Analysis of a Peer-to-Peer File-Sharing Workload}",
  BOOKTITLE =    "SOSP",
  YEAR =         "2003"
}

@ARTICLE{sen04analyzing,
  AUTHOR =       "S. Sen and J. Wang",
  TITLE =        "{Analyzing Peer-To-Peer Traffic Across Large Networks}",
  JOURNAL =      "IEEE/ACM Transactions on Networking",
  YEAR =         "2004",
  volume =       "12",
  number =       "2"
}

@INPROCEEDINGS{sripanidkulchai04analysis,
  AUTHOR =       "K. Sripanidkulchai and B. Maggs and H. Zhang",
  TITLE =        "{An Analysis of Live Streaming Workloads on the Internet}",
  BOOKTITLE =    "IMC",
  YEAR =         "2004"
}

@INPROCEEDINGS{saroiu02measurement,
  AUTHOR =       {S. Saroiu and K. P. Gummadi and S. D. Gribble },
  TITLE =        "{A Measurement Study of Peer-to-Peer File Sharing Systems}",
  BOOKTITLE =    {MMCN},
  YEAR =         {2002}
}

@INPROCEEDINGS{stutzbach06understanding,
  AUTHOR =       {D. Stutzbach and R. Rejaie},
  TITLE =        "{Understanding Churn in Peer-to-Peer Networks}",
  BOOKTITLE =    {INFOCOM},
  YEAR =         {2006}
}

@INPROCEEDINGS{stutzbach05unstructured,
  AUTHOR =       "D. Stutzbach and R. Rejaie and S. Sen",
  TITLE =        "{Characterizing Unstructured Overlay Topologies in Modern P2P File-Sharing Systems}",
  BOOKTITLE =    "IMC",
  YEAR =         "2005"
}

@INPROCEEDINGS{yao06modeling,
  AUTHOR =       "Z. Yao and D. Leonard and X. Wang and D. Loguinov",
  TITLE =        "{Modeling Heterogeneous User Churn and Local Resilience of Unstructured P2P Networks}",
  BOOKTITLE =    "ICNP",
  YEAR =         "2006"
}
@INPROCEEDINGS{li05performance,
  AUTHOR =       "J. Li and J. Stribling and F. Kaashoek and R. Morris and T. Gil",
  TITLE =        "{A Performance vs. Cost Framework for Evaluating DHT Design Tradeoffs under Churn}",
  BOOKTITLE =    "INFOCOM",
  YEAR =         "2005"
}

@ARTICLE{voulgaris07proactive,
  AUTHOR =       {S. Voulgaris and M. van Steen and K. Iwanicki},
  TITLE =        "{Proactive Gossip-based Management of Semantic Overlay Networks}",
  JOURNAL =      {Concurrency and Computation: Practice and Experience},
  YEAR =         {2007},
  volume =       {19},
  number =       {17}
}

@inproceedings{penzo08semantic,
  author    = {W. Penzo and S. Lodi and F. Mandreoli and R. Martoglia and S. Sassatelli},
  title     = "{Semantic Peer, Here are the Neighbors you Want!}",
  booktitle = {EDBT},
  year      = {2008}
}

@INPROCEEDINGS{papapetrou07DHTs,
  AUTHOR =       {O. Papapetrou and W. Siberski and W.-T. Balke and W. Nejdl},
  TITLE =        "{DHTs over Peer Clusters for Distributed Information Retrieval}",
  BOOKTITLE =    {AINA},
  YEAR =         {2007}
}

@inproceedings{trifon05pub,
 author = {C. Tryfonopoulos and S. Idreos and M. Koubarakis},
 title = "{Publish/Subscribe Functionality in IR Environments using Structured Overlay Networks}",
 booktitle = {SIGIR},
 year = {2005}
 }

@INPROCEEDINGS{kantere07semantic,
  AUTHOR =       {V. Kantere and D. Tsoumakos, T. K. Sellis},
  TITLE =        "{Semantic Grouping of Social Networks in P2P Database Settings}",
  BOOKTITLE =    {DEXA},
  YEAR =         {2007}
}

@INPROCEEDINGS{sripanidkulchai03efficient,
  AUTHOR =       "K. Sripanidkulchai and B. Maggs and H. Zhang",
  TITLE =        "{Efficient Content Location using Interest-Based Locality in Peer-to-Peer Systems}",
  BOOKTITLE =    "INFOCOM",
  YEAR =         "2003"
}

@INBOOK{doulkeridis10distributed,
  AUTHOR =       {C. Doulkeridis and A. Vlachou and K. Norvag and M. Vazirgiannis},
  TITLE =        {Handbook of Peer-to-Peer Networking},
  CHAPTER =      {Distributed Semantic Overlay Networks},
  PUBLISHER =    {Springer},
  YEAR =         {2010}
}

@ARTICLE{rpt09rewiring,
  AUTHOR =       {P. Raftopoulou and E.G.M. Petrakis and C. Tryfonopoulos},
  TITLE =        "{Rewiring Strategies for Semantic Overlay Networks}",
  JOURNAL =      {Distributed and Parallel DataBases},
  YEAR =         {2009},
  number =       {26},
  volume =       {2--3}
}

@INPROCEEDINGS{jelasity04epidemic,
  AUTHOR =       {M. Jelasity and A. Montresor},
  TITLE =        "{Epidemic-Style Proactive Aggregation in Large Overlay Networks}",
  BOOKTITLE =    {ICDCS},
  YEAR =         {2004}
}

@INPROCEEDINGS{hidayanto07towards,
  AUTHOR =       {A. N. Hidayanto and S. Bressan},
  TITLE =        "{Towards a Society of Peers: Expert and Interest Groups in Peer-to-Peer Systems}",
  BOOKTITLE =    {MONET},
  YEAR =         {2007}
}

@INPROCEEDINGS{chu02availability,
  AUTHOR =       {J. Chu and K. Labonte and B. N. Levine},
  TITLE =        "{Availability and Locality Measurements of Peer-to-Peer File Systems}",
  BOOKTITLE =    {ITCom},
  YEAR =         {2002}
}

@ARTICLE{saroiu03measuring,
  AUTHOR =       {S. Saroiu and P. K. Gummadi and S. D. Gribble},
  TITLE =        "{Measuring and Analyzing the Characteristics of Napster and Gnutella Hosts}",
  JOURNAL =      {Multimedia Systems},
  YEAR =         {2003},
  volume =       {9},
  number =       {2}
}

@ARTICLE{reed01pareto,
  AUTHOR =       {W. J. Reed},
  TITLE =        "{The Pareto, Zipf and other Power Laws}",
  JOURNAL =      {Economics Letters},
  YEAR =         {2001},
  volume =       {74},
  number =       {1}
}

@INPROCEEDINGS{gray00generating,
  AUTHOR =       {J. Gray and P. Sundaresan and S. Englert and K. Baclawski and P. J. Weinberger},
  TITLE =        "{Quickly Generating Billion-Record Synthetic Databases}",
  BOOKTITLE =    {SIGMOD},
  YEAR =         {2000}
}

@inproceedings{podc08-BHLMTW,
	author    = {M. Backes and M. Hamerlik and A. Linari and M. Maffei and C. Tryfonopoulos and G. Weikum},
	title     = "{Anonymous and Censorship-resistant Content-sharing in Unstructured Overlays}",
	booktitle = "{PODC}",
	year      = {2008}
}
