@book{adams1995hitchhiker,
  title=    {The Hitchhiker's Guide to the Galaxy},
  author=   {D. Adams},
  isbn=     {9781417642595},
  url=      {http://books.google.com/books?id=W-xMPgAACAAJ},
  year=     {1995},
  publisher={San Val}
}

@ARTICLE{miller90introduction,
  AUTHOR =       "G. A. Miller and R. Bechwith and C. Felbaum and D. Gross and K. Miller",
  TITLE =        "Introduction to {WordNet}: an on-line lexical database",
  JOURNAL =      "International Journal of Lexicography",
  YEAR =         "1990",
  volume =       "3",
  number =       "4",
  pages =        "235-244"
}

@INPROCEEDINGS{aberer03chatty,
  AUTHOR =       "K. Aberer and P. Cudre-Mauroux and M. Hauswirth",
  TITLE =        "{The Chatty Web: Emergent Semanics Through Gossiping}",
  BOOKTITLE =    "Proceedings of the 12th International World Wide Web Conference (WWW'03)",
  YEAR =         "2003",
  address =      "Budapest, Hungary",
  month =        "20-24 May",
  publisher =    "ACM"
}
